@Misc{rstanarm,
  title = {rstanarm: {Bayesian} applied regression modeling via
    {Stan}.},
  author = {Ben Goodrich and Jonah Gabry and Imad Ali and Sam
    Brilleman},
  note = {R package version 2.21.1},
  year = {2020},
  url = {https://mc-stan.org/rstanarm},
}

@article{yellott1977relationship,
  author =        {Yellott Jr, John I},
  journal =       {Journal of Mathematical Psychology},
  number =        {2},
  pages =         {109--144},
  publisher =     {Elsevier},
  title =         {The relationship between Luce's choice axiom,
                   Thurstone's theory of comparative judgment, and the
                   double exponential distribution},
  volume =        {15},
  year =          {1977},
}

@article{hart1965memory,
  author =        {Hart, Julian T},
  journal =       {Journal of educational psychology},
  number =        {4},
  pages =         {208},
  publisher =     {American Psychological Association},
  title =         {Memory and the feeling-of-knowing experience.},
  volume =        {56},
  year =          {1965},
}

@article{miner1994new,
  author =        {Miner, Ann C and Reder, Lynne M},
  journal =       {Metacognition: Knowing about knowing},
  pages =         {47--70},
  title =         {A new look at feeling of knowing: Its metacognitive
                   role in regulating question answering},
  year =          {1994},
}

@article{eakin2005illusions,
  author =        {Eakin, Deborah K},
  journal =       {Journal of Memory and Language},
  number =        {4},
  pages =         {526--534},
  publisher =     {Elsevier},
  title =         {Illusions of knowing: Metamemory and memory under
                   conditions of retroactive interference},
  volume =        {52},
  year =          {2005},
}

@article{huttenlocher2000categories,
  title={Why do categories affect stimulus judgment?},
  author={Huttenlocher, Janellen and Hedges, Larry V and Vevea, Jack L},
  journal={Journal of experimental psychology: General},
  volume={129},
  number={2},
  pages={220},
  year={2000},
  publisher={American Psychological Association}
}

@article{mnih2015human,
  title = {Human-Level Control through Deep Reinforcement Learning},
  author = {Mnih, Volodymyr and Kavukcuoglu, Koray and Silver, David and Rusu, Andrei A. and Veness, Joel and Bellemare, Marc G. and Graves, Alex and Riedmiller, Martin and Fidjeland, Andreas K. and Ostrovski, Georg and Petersen, Stig and Beattie, Charles and Sadik, Amir and Antonoglou, Ioannis and King, Helen and Kumaran, Dharshan and Wierstra, Daan and Legg, Shane and Hassabis, Demis},
  year = {2015},
  month = feb,
  journal = {Nature},
  volume = {518},
  number = {7540},
  pages = {529--533},
  publisher = {{Nature Publishing Group}},
  issn = {1476-4687},
  copyright = {2015 Nature Publishing Group, a division of Macmillan Publishers Limited. All Rights Reserved.},
  langid = {english},
  annotation = {9992 citations (Semantic Scholar/DOI) [2022-08-09] 9700 citations (Crossref) [2022-08-09]}
}

@article{hemmer2009bayesian,
  title={A Bayesian account of reconstructive memory},
  author={Hemmer, Pernille and Steyvers, Mark},
  journal={Topics in Cognitive Science},
  volume={1},
  number={1},
  pages={189--202},
  year={2009},
  publisher={Wiley Online Library}
}

@article{ryan1982motivated,
  author =        {Ryan, Michael P and Petty, C Raymond and
                   Wenzlaff, Richard M},
  journal =       {Acta Psychologica},
  number =        {2},
  pages =         {137--147},
  publisher =     {Elsevier},
  title =         {Motivated remembering efforts during
                   tip-of-the-tongue states},
  volume =        {51},
  year =          {1982},
}

@article{sederberg2008context,
  author =        {Sederberg, Per B and Howard, Marc W and
                   Kahana, Michael J},
  journal =       {Psychological review},
  number =        {4},
  pages =         {893},
  publisher =     {American Psychological Association},
  title =         {A context-based theory of recency and contiguity in
                   free recall.},
  volume =        {115},
  year =          {2008},
}

@article{yonelinas2010recollection,
  author =        {Yonelinas, Andrew P and Aly, Mariam and
                   Wang, Wei-Chun and Koen, Joshua D},
  journal =       {Hippocampus},
  number =        {11},
  pages =         {1178--1194},
  publisher =     {Wiley Online Library},
  title =         {Recollection and familiarity: Examining controversial
                   assumptions and new directions},
  volume =        {20},
  year =          {2010},
}

@article{madan2021exploring,
  author =        {Madan, Christopher R},
  journal =       {Psychonomic Bulletin \& Review},
  number =        {2},
  pages =         {583--595},
  publisher =     {Springer},
  title =         {Exploring word memorability: How well do different
                   word properties explain item free-recall
                   probability?},
  volume =        {28},
  year =          {2021},
}

@article{nelson2004university,
  author =        {Nelson, Douglas L and McEvoy, Cathy L and
                   Schreiber, Thomas A},
  journal =       {Behavior Research Methods, Instruments, \& Computers},
  number =        {3},
  pages =         {402--407},
  publisher =     {Springer},
  title =         {The University of South Florida free association,
                   rhyme, and word fragment norms},
  volume =        {36},
  year =          {2004},
}

@inproceedings{5539970,
  author =        {Xiao, Jianxiong and Hays, James and
                   Ehinger, Krista A. and Oliva, Aude and
                   Torralba, Antonio},
  booktitle =     {2010 {{IEEE}} Computer Society Conference on Computer
                   Vision and Pattern Recognition},
  number =        {},
  pages =         {3485-3492},
  title =         {SUN database: Large-scale scene recognition from
                   abbey to zoo},
  volume =        {},
  year =          {2010},
  doi =           {10.1109/CVPR.2010.5539970},
}

