/Users/fred/lib/zotero.bib